<?xml version="1.0" encoding="UTF-8"?><collection xmlns="http://www.loc.gov/MARC21/slim"><record><leader>00594nam--2200181-i-4500</leader><controlfield tag="001">000012333</controlfield><controlfield tag="002">20161230</controlfield><controlfield tag="005">20161230201029</controlfield><controlfield tag="008">060222s1000------------r-----000-0-eng-d</controlfield><datafield ind1=" " ind2=" " tag="020"><subfield code="a">0127169504</subfield></datafield><datafield ind1=" " ind2=" " tag="040"><subfield code="a">IFIN-HH</subfield></datafield><datafield ind1=" " ind2=" " tag="080"><subfield code="a">537.533.53(061.3):543.4</subfield></datafield><datafield ind1="1" ind2=" " tag="100"><subfield code="a">Venables, J.A</subfield></datafield><datafield ind1="1" ind2="0" tag="245"><subfield code="a">Development in electron microscopy and analysis</subfield><subfield code="b">Proceedings of emag 75 held at the university of bristol, 8-11 september 1975</subfield><subfield code="c">J.a. venables (edited and introduced by)</subfield></datafield><datafield ind1=" " ind2=" " tag="260"><subfield code="a">London</subfield><subfield code="b">Academmic Press</subfield><subfield code="c">1976</subfield></datafield><datafield ind1=" " ind2=" " tag="300"><subfield code="a">535P</subfield></datafield><datafield ind1=" " ind2=" " tag="852"><subfield code="a">45352</subfield><subfield code="c">537.533.53</subfield></datafield><datafield ind1=" " ind2=" " tag="CAT"><subfield code="a">Sys</subfield><subfield code="c">20110913</subfield><subfield code="h">133942</subfield></datafield></record></collection>